<?xml version="1.0" encoding="UTF-8"?><collection><record><leader>06915ntm a2200673 a 4500</leader><controlfield tag="001">006833484</controlfield><controlfield tag="003">MiAaHDL</controlfield><controlfield tag="005">20190719000000.0</controlfield><controlfield tag="006">m        d        </controlfield><controlfield tag="007">cr bn ---auaua</controlfield><controlfield tag="008">090630s193u    xx            00| ||ara d</controlfield><datafield tag="035" ind1=" " ind2=" "><subfield code="a">(MiU)006833484</subfield></datafield><datafield tag="035" ind1=" " ind2=" "><subfield code="a">sdr-miu006833484</subfield></datafield><datafield tag="040" ind1=" " ind2=" "><subfield code="a">MiU</subfield><subfield code="c">MiU</subfield><subfield code="e">amremm</subfield></datafield><datafield tag="043" ind1=" " ind2=" "><subfield code="a">n-us-mi</subfield><subfield code="a">ma-----</subfield></datafield><datafield tag="245" ind1="0" ind2="0"><subfield code="6">880-03</subfield><subfield code="a">Hādhihi Majmūʻah taḥtawī ʻalá Shadhrah tārīkhīyah wa-Risālat al-Ajwibah al-Ṣadrīyah ʻan al-asʼilah al-Naṣīrīyah al-Khusrawīyah wa-Risālat al-Ajwibah al-Ṣadrīyah ayḍan ʻan al-masāʼil al-Jīlānīyah wa-Risālat al-Nuqṭah lil-Ṣadr ayḍan,</subfield><subfield code="f">[193-?].</subfield></datafield><datafield tag="246" ind1="3" ind2="8"><subfield code="a">مجموعة شذرة تاريخية ورسائل</subfield></datafield><datafield tag="260" ind1=" " ind2=" "><subfield code="c">[193-?].</subfield></datafield><datafield tag="300" ind1=" " ind2=" "><subfield code="a">28 leaves :</subfield><subfield code="b">paper ;</subfield><subfield code="c">230 x 180 mm. bound to 240 x 185 mm.</subfield></datafield><datafield tag="500" ind1=" " ind2=" "><subfield code="a">Shelfmark: Ann Arbor, University of Michigan, Special Collections Library, Isl. Ms. 976</subfield></datafield><datafield tag="500" ind1=" " ind2=" "><subfield code="a">Origin: Lacks dated scribal colophon ; likely copied in Egypt in the late 1930s and eventually bound for James Heyworth-Dunne (d.1974).</subfield></datafield><datafield tag="500" ind1=" " ind2=" "><subfield code="a">Former shelfmark: Mich. Isl. Ms. temp. no. 125</subfield></datafield><datafield tag="500" ind1=" " ind2=" "><subfield code="a">Binding: Boards covered in dark green cloth with dark green leather over spine (quarter binding) ; pastedowns and flyleaves in wove paper printed with a floral vegetal pattern in green ; spine gold-stamped with title and decorative accents over raised bands "مجموعة شذرة تاريخية ورسائل | J.H.D." ; sewn in heavy white thread, seemingly in four stations ; overall in fairly good condition with minor curvature in boards (negative draw in upper board, positive draw in lower board).</subfield></datafield><datafield tag="500" ind1=" " ind2=" "><subfield code="a">Support: Lined / ruled wove paper.</subfield></datafield><datafield tag="500" ind1=" " ind2=" "><subfield code="a">Decoration: Occasional overlining, headings and glosses (including signes de renvoi) rubricated.</subfield></datafield><datafield tag="500" ind1=" " ind2=" "><subfield code="a">Script: Ruqʻah ; quick, compact, elegant hand in a thin to medium line ; serifless and freely ligatured with effect of inclination to the left and of words descending to baseline, mainly closed counters, pointing somewhat careless and in strokes rather than distinct dots, final yāʼ usually unpointed.</subfield></datafield><datafield tag="500" ind1=" " ind2=" "><subfield code="a">Layout: Written mainly in 19 lines per page.</subfield></datafield><datafield tag="500" ind1=" " ind2=" "><subfield code="a">Collation: i, XIV (28), i ; a single gathering of fourteen bifola ; pagination in pencil, Western numerals, supplied during digitization.</subfield></datafield><datafield tag="500" ind1=" " ind2=" "><subfield code="a">Incipit: [Shadhrah tārīkhīyah] "مقدمة في علم التاريخ وفائدته واقامه التاريخ علم يتضمن ذكر الوقائع ولا سيما ما كان منها متعلقا بالامم والاقاليم مع تعيين اوقاتها وبيان اسبابها ومسبباتها ..." ; [Risālat al-Nuqtah ] "الحمد لله الذي ظهر بما شاء لمن شاء بمشيئته الازلية ... اما بعد فلما شاع بين اهل العلوم ان ارفع العلوم واشرفها علم التوحيد ..." ; [Risālat al-Ajwibah al-Ṣadrīyah ʻan al-asʼilah al-Naṣīrīyah al-Khusrawīyah ] "الحمد لمنور النفوس بانوار العلم والقرآن وهادي الخلائق بارسال الرسول وانزال القرآن ... وبعد فان الحكيم ... نصير الملة والدين محمد الطوسي ... قد بعث رسالة الى بعض معاصريه وهو الفاضل ... شمس الدين الخسرو شاهي ..." ; [Risālat al-Ajwibah al-Ṣadrīyah ʻan al-masāʼil al-Jīlānīyah] "هذه رسالة كتبها الاستاذ صدر الافاضل الى الفاضل مولانا الشمس الجيلاني ..."</subfield></datafield><datafield tag="500" ind1=" " ind2=" "><subfield code="a">Title from inscription on 'title page' (p.1).</subfield></datafield><datafield tag="500" ind1=" " ind2=" "><subfield code="a">Ms. codex.</subfield></datafield><datafield tag="505" ind1="0" ind2=" "><subfield code="a">5. p.42-p.55 : Risālat al-Ajwibah al-Ṣadrīyah ʻan al-masāʼil al-Jīlānīyah / Muḥammad ibn Ibrāhīm Ṣadr al-Dīn al-Shīrāzī.</subfield></datafield><datafield tag="505" ind1="0" ind2=" "><subfield code="a">4. p.29-p.41 : Risālat al-Ajwibah al-Ṣadrīyah ʻan al-asʼilah al-Naṣīrīyah al-Khusrawīyah / Muḥammad ibn Ibrāhīm Ṣadr al-Dīn al-Shīrāzī.</subfield></datafield><datafield tag="505" ind1="0" ind2=" "><subfield code="a">3. p.22-p.28 : Risālat al-Nuqtah / lil-Ṣadr ayḍan [ʻAlī ibn Muḥammad al-Hamadhānī].</subfield></datafield><datafield tag="505" ind1="0" ind2=" "><subfield code="a">2. p.21 : [blank].</subfield></datafield><datafield tag="505" ind1="0" ind2=" "><subfield code="a">1. p.2-p.20 : Shadhrah tārīkhīyah.</subfield></datafield><datafield tag="510" ind1="4" ind2=" "><subfield code="a">MacEoin, D. "Mullā Ṣadrā S̲H̲īrāzīṢadr al-Dīn Muḥammad b. Ibrāhīm Ḳawāmī S̲h̲īrāzī." In EI2,</subfield><subfield code="c">vol. VII, p.547, col. 2</subfield></datafield><datafield tag="510" ind1="4" ind2=" "><subfield code="a">Brockelmann, C. GAL,</subfield><subfield code="c">II 413 ; S II 588 ff.</subfield></datafield><datafield tag="510" ind1="4" ind2=" "><subfield code="a">Brockelmann, C. GAL,</subfield><subfield code="c">II 221 ; S II 311</subfield></datafield><datafield tag="520" ind1="8" ind2=" "><subfield code="a">Careful copy of a collection (majmūʻah) of works opening with an excerpt on history followed by Asrār al-nuqṭah of Sayyid ʻAlī Hamadānī (d.1385) (here attributed to Mullā Ṣadrā Shīrāzī) and two philosophical works by Mullā Ṣadrā Shīrāzī (d.1640).</subfield></datafield><datafield tag="538" ind1=" " ind2=" "><subfield code="a">Mode of access: Internet.</subfield></datafield><datafield tag="541" ind1=" " ind2=" "><subfield code="a">Acquired in the Fall of 1950.</subfield></datafield><datafield tag="546" ind1=" " ind2=" "><subfield code="a">Arabic.</subfield></datafield><datafield tag="561" ind1=" " ind2=" "><subfield code="a">On upper pastedown, label with ex libris of James Heyworth-Dunne (d.1974), stamped with inventory number, "Ex Libris | J. Heyworth-Dunne | D. Lit. (London) | No. 7920" ; UM Library inscription on p.3 "Dunning | Heyworth-Dunne | 6-13-51 | 71955" ; occasional corrections and marginal glosses, many in red ink.</subfield></datafield><datafield tag="650" ind1=" " ind2="0"><subfield code="a">Manuscripts, Arabic</subfield><subfield code="z">Michigan</subfield><subfield code="z">Ann Arbor.</subfield></datafield><datafield tag="650" ind1=" " ind2="0"><subfield code="a">Islamic philosophy</subfield><subfield code="v">Early works to 1800.</subfield></datafield><datafield tag="650" ind1=" " ind2="0"><subfield code="a">Historiography</subfield><subfield code="z">Arab countries.</subfield></datafield><datafield tag="650" ind1=" " ind2="0"><subfield code="a">World history.</subfield></datafield><datafield tag="700" ind1="1" ind2=" "><subfield code="a">Heyworth-Dunne, J.</subfield><subfield code="q">(James),</subfield><subfield code="e">former owner.</subfield></datafield><datafield tag="700" ind1="1" ind2="2"><subfield code="6">880-08</subfield><subfield code="a">Ṣadr al-Dīn Shīrāzī, Muḥammad ibn Ibrāhīm,</subfield><subfield code="d">-1641.</subfield><subfield code="t">Risālat al-Ajwibah al-Ṣadrīyah ʻan al-masāʼil al-Jīlānīyah.</subfield></datafield><datafield tag="700" ind1="1" ind2="2"><subfield code="6">880-07</subfield><subfield code="a">Ṣadr al-Dīn Shīrāzī, Muḥammad ibn Ibrāhīm,</subfield><subfield code="d">-1641.</subfield><subfield code="t">Risālat al-Ajwibah al-Ṣadrīyah ʻan al-asʼilah al-Naṣīrīyah al-Khusrawīyah.</subfield></datafield><datafield tag="700" ind1="1" ind2="2"><subfield code="6">880-05</subfield><subfield code="a">Hamadhānī, ʻAlī ibn Muḥammad,</subfield><subfield code="d">1314-1385.</subfield><subfield code="t">Asrār al-nuqṭah.</subfield></datafield><datafield tag="740" ind1="0" ind2="2"><subfield code="6">880-06</subfield><subfield code="a">Risālat al-Nuqtah</subfield></datafield><datafield tag="773" ind1="0" ind2=" "><subfield code="a">Heyworth-Dunne Collection.</subfield></datafield><datafield tag="880" ind1="1" ind2="2"><subfield code="6">700-08/</subfield><subfield code="a">صدر الدين شيرازي، محمد بن ابراهيم.</subfield><subfield code="t">رسالة الاجوبة الصدرية عن المسائل الجيلانية.</subfield></datafield><datafield tag="880" ind1="1" ind2="2"><subfield code="6">700-07/</subfield><subfield code="a">صدر الدين شيرازي، محمد بن ابراهيم.</subfield><subfield code="t">رسالة الاجوبة الصدرية عن الاسئلة النصيرية الخسروية.</subfield></datafield><datafield tag="880" ind1="0" ind2="2"><subfield code="6">740-06/</subfield><subfield code="a">رسالة النقطة</subfield></datafield><datafield tag="880" ind1="1" ind2="2"><subfield code="6">700-05/</subfield><subfield code="a">صدر الدين شيرازي، محمد بن ابراهيم.</subfield><subfield code="t">اسرار النقطة.</subfield></datafield><datafield tag="880" ind1="0" ind2="0"><subfield code="6">245-03/</subfield><subfield code="a">هذه مجموعة تحتوي على شذرة تاريخية ورسالة الاجوبة الصدرية عن الاسئلة النصيرية الخسروية ورسالة الاجوبة الصدرية ايضا عن المسائل الجيلانية ورسالة النقطة للصدر ايضا,</subfield><subfield code="f">[193-م?].</subfield></datafield><datafield tag="CID" ind1=" " ind2=" "><subfield code="a">006833484</subfield></datafield><datafield tag="DAT" ind1="0" ind2=" "><subfield code="a">20190719102641.0</subfield><subfield code="b">20190719000000.0</subfield></datafield><datafield tag="DAT" ind1="1" ind2=" "><subfield code="a">20190719090653.0</subfield><subfield code="b">2019-07-19T16:12:21Z</subfield></datafield><datafield tag="DAT" ind1="2" ind2=" "><subfield code="a">2015-10-10T18:00:06Z</subfield></datafield><datafield tag="CAT" ind1=" " ind2=" "><subfield code="a">SDR-MIU</subfield><subfield code="d">EX LIBRIS - ALEPH</subfield><subfield code="l">prepare.pl-004-008</subfield></datafield><datafield tag="FMT" ind1=" " ind2=" "><subfield code="a">BK</subfield></datafield><datafield tag="HOL" ind1=" " ind2=" "><subfield code="0">sdr-miu006833484</subfield><subfield code="a">MiU</subfield><subfield code="b">SDR</subfield><subfield code="c">MIU</subfield><subfield code="p">mdp.39015079131572</subfield><subfield code="s">MIU</subfield><subfield code="1">006833484</subfield></datafield><datafield tag="974" ind1=" " ind2=" "><subfield code="b">MIU</subfield><subfield code="c">MIU</subfield><subfield code="d">20190719</subfield><subfield code="s">lit-dlps-dc</subfield><subfield code="u">mdp.39015079131572</subfield><subfield code="y">1939</subfield><subfield code="r">ic-world</subfield><subfield code="q">man</subfield></datafield></record></collection>